@book{williams:2019,
  author={Anthony Williams},
  title={{C++ Concurrency in Action}},
  publisher={Manning},
  year=2019,

  edition=2,
  month=feb,
}

